@book{Resetarics.2009,
 author = {Resetarics, Paul},
 year = {2009},
 title = {{A}bschlussarbeiten und {P}r{\"a}sentationen mit {L}{A}{T}{E}{X}},
 keywords = {LATEX <Programm>;Wissenschaftliches Manuskript},
 address = {Wien},
 edition = {2},
 publisher = {Facultas},
 isbn = {3-7089-0037-5 }
}


@book{Schlosser.2009,
 abstract = {http://deposit.d-nb.de/cgi-bin/dokserv?id=3355211{\&}prov=M{\&}dok{\_}var=1{\&}dok{\_}ext=htm},
 author = {Schlosser, Joachim},
 year = {2009},
 title = {{W}issenschaftliche {A}rbeiten schreiben mit {L}{A}{T}{E}{X}},
 keywords = {Wissenschaftliches Manuskript;LATEX <Programm>},
 address = {Heidelberg  and M{\"u}nchen  and Landsberg [u.a.]},
 edition = {3},
 publisher = {mitp},
 isbn = {3-8266-5892-2 }
}


@book{Vo.2006,
 author = {Vo{\ss}, Herbert},
 year = {2006},
 title = {{L}a{T}e{X} in {N}aturwissenschaften {\&} {M}athematik},
 keywords = {Mathematik;Wissenschaftliches Manuskript;LATEX <Programm>;Naturwissenschaften},
 address = {Poing},
 publisher = {Franzis},
 isbn = {3-7723-7419-0 },
 series = {{F}ranzis professional series}
}


@misc{Feuerstrack.2012,
 author = {Feuerstrack, Thomas},
 year = {2012},
 title = {{T}e{X} {C}ollection 2012: {P}ro{T}{E}{X}: {T}{E}{X} {L}ive ; {M}ac{T}{E}{X} ; {M}i{K}{T}e{X}},
 address = {Heidelberg},
 publisher = {Dante e.V},
 institution = {{Dante, Deutschsprachige Anwendervereinigung TeX} and GUTenberg and {TEX Users Group}},
 howpublished = {1 CD-ROM}
}


@book{Gockel.2010,
 abstract = {http://deposit.d-nb.de/cgi-bin/dokserv?id=3480830{\&}prov=M{\&}dok{\_}var=1{\&}dok{\_}ext=htm},
 author = {Gockel, Tilo},
 year = {2010},
 title = {{F}orm der wissenschaftlichen {A}usarbeitung},
 keywords = {Wissenschaftliches Manuskript},
 address = {Berlin [u.a.]},
 edition = {2},
 publisher = {Springer},
 isbn = {978-3-642-13907-9  },
 series = {e{X}amen.press}
}


@book{Niedermair.2006,
 author = {Niedermair, Elke and Niedermair, Michael},
 year = {2006},
 title = {{L}{A}{T}{E}{X}: {D}as {P}raxisbuch ; [mit {D}{V}{D}9 pro{T}e{X}{T}, {T}e{X}nic{C}enter, {C}{T}{A}{N}-{A}bzug des deutschen {C}{T}{A}{N}-{K}notens in {K}ooperation mit dante e.{V}.]},
 price = {kart. : EUR 25.00},
 keywords = {LATEX},
 address = {Poing},
 edition = {3},
 publisher = {Franzis},
 isbn = {3-7723-6930-8  },
 series = {{F}ranzis professional series}
}

@article{1,
  title={Containers and cloud: From lxc to docker to kubernetes},
  author={Bernstein, David},
  journal={IEEE cloud computing},
  volume={1},
  number={3},
  pages={81--84},
  year={2014},
  publisher={IEEE}
}

@book{2,
  title={Kubernetes: up and running},
  author={Burns, Brendan and Beda, Joe and Hightower, Kelsey and Evenson, Lachlan},
  year={2022},
  publisher={" O'Reilly Media, Inc."}
}


